Date,Description,Withdrawals,Deposits,Balance
6/1/2020,GROCERIES,$100.00,,$900.00
7/1/2020,TRANSFER,$120.00,,$780.00
8/1/2020,WITHDRAWAL,$150.00,,$630.00
9/1/2020,DEPOSIT,,$50.00,$680.00
10/1/2020,CAR REPAIR,$210.00,,$470.00
11/1/2020,DRY CLEANING,$10.00,,$460.00
12/1/2020,STREAMING SUBSCRIPTION,$17.00,,$443.00
1/1/2021,GAS,$14.93,,$428.07
2/1/2021,DEPOSIT,$52.79,,$375.28
3/1/2021,TRANSFER,,$51.00,$426.28
